@manual{renv,
  title  = {{renv}: Project Environments},
  author = {Kevin Ushey},
  year   = {2022},
  note   = {R package version 0.16.0},
  url    = {https://CRAN.R-project.org/package=renv}
}

@manual{teichlab2024,
  title  = {SPLiT-seq / microSPLiT},
  author = {Teichlab},
  year   = {2024},
  url    = {https://teichlab.github.io/scg_lib_structs/methods_html/SPLiT-seq.html},
  note   = {Documentation on SPLiT-seq and microSPLiT library structure and protocols}
}

@article{brettner2024,
	title = {Single-cell heterogeneity in ribosome content and the consequences for the growth laws},
	author = {Brettner, Leandra and Geiler-Samerotte, Kerry},
	year = {2024},
	month = {10},
	date = {2024-10-08},
	journal = {bioRxiv: The Preprint Server for Biology},
	pages = {2024.04.19.590370},
	doi = {10.1101/2024.04.19.590370},
	note = {0 citations (Crossref/DOI) [2025-02-16]
PMID: 38895328
PMCID: PMC11185559
TLDR: Results indicate that single-cell ribosome levels are not finely tuned to match population growth rates or nutrient availability and cannot be predicted by a Gaussian process model that assumes measurements are sampled from a normal distribution centered on the population average.},
	langid = {canadian}
}

@article{nishimura2025,
	title = {Recent advances in single-cell RNA sequencing of Bacteria: Techniques, challenges, and applications},
	author = {Nishimura, Mika and Takahashi, Kazuki and Hosokawa, Masahito},
	year = {2025},
	month = {02},
	date = {2025-02-20},
	journal = {Journal of Bioscience and Bioengineering},
	doi = {10.1016/j.jbiosc.2025.01.008},
	url = {https://www.sciencedirect.com/science/article/pii/S138917232500026X},
	note = {0 citations (Crossref/DOI) [2025-02-24]
TLDR: A comprehensive overview of the current state and future directions of single-cell transcriptomics in bacteria aims to provide researchers with a clear understanding of the current state and future directions of single-cell transcriptomics in bacteria.},
	langid = {canadian}
}

@article{yan2024,
	title = {An improved bacterial single-cell RNA-seq reveals biofilm heterogeneity},
	author = {Yan, Xiaodan and Liao, Hebin and Wang, Chenyi and Huang, Chun and Zhang, Wei and Guo, Chunming and Pu, Yingying},
	editor = {Soldati-Favre, Dominique},
	year = {2024},
	month = {12},
	date = {2024-12-17},
	journal = {eLife},
	pages = {RP97543},
	volume = {13},
	doi = {10.7554/eLife.97543},
	url = {https://doi.org/10.7554/eLife.97543},
	note = {0 citations (Crossref/DOI) [2025-02-02]
Publisher: eLife Sciences Publications, Ltd
TLDR: A novel method, ribosomal RNA-derived cDNA depletion (RiboD), seamlessly integrated into the PETRI-seq technique, yielding RiboD-PETRI, which effectively tackles a long-standing issue in bacterial scRNA-seq: the overwhelming abundance of rRNA.},
	langid = {canadian}
}

@article{maurice2021,
	title = {Fungal sporocarps house diverse and host-specific communities of fungicolous fungi},
	author = {Maurice, Sundy and Arnault, Gontran and {Nordén}, Jenni and Botnen, {Synnøve Smebye} and Miettinen, Otto and Kauserud, {Håvard}},
	year = {2021},
	month = {05},
	date = {2021-05-01},
	journal = {The ISME Journal},
	pages = {1445--1457},
	volume = {15},
	number = {5},
	doi = {10.1038/s41396-020-00862-1},
	url = {https://doi.org/10.1038/s41396-020-00862-1},
	note = {28 citations (Crossref/DOI) [2024-07-17]
GSCC: 0000037}
}

@article{ahmed2018,
	title = {Network biology discovers pathogen contact points in host protein-protein interactomes},
	author = {Ahmed, Hadia and Howton, T. C. and Sun, Yali and Weinberger, Natascha and Belkhadir, Youssef and Mukhtar, M. Shahid},
	year = {2018},
	month = {06},
	date = {2018-06-13},
	journal = {Nature Communications},
	pages = {2312},
	volume = {9},
	number = {1},
	doi = {10.1038/s41467-018-04632-8},
	url = {https://www.nature.com/articles/s41467-018-04632-8},
	note = {100 citations (Crossref/DOI) [2024-07-17]
GSCC: 0000108 
Publisher: Nature Publishing Group
TLDR: A compendium of over 4300 phenotypes with Arabidopsis interactome is integrated and it is found that nodes with high connectivity and betweenness are enriched and depleted in conditional and essential phenotypes, respectively and are preferential targets of pathogen effectors.},
	langid = {en}
}

@article{aibar2017,
	title = {SCENIC: single-cell regulatory network inference and clustering},
	author = {Aibar, Sara and {González-Blas}, Carmen Bravo and Moerman, Thomas and Huynh-Thu, {Vân Anh} and Imrichova, Hana and Hulselmans, Gert and Rambow, Florian and Marine, Jean-Christophe and Geurts, Pierre and Aerts, Jan and van den Oord, Joost and Atak, Zeynep Kalender and Wouters, Jasper and Aerts, Stein},
	year = {2017},
	month = {11},
	date = {2017-11},
	journal = {Nature Methods},
	pages = {1083--1086},
	volume = {14},
	number = {11},
	doi = {10.1038/nmeth.4463},
	url = {https://www.nature.com/articles/nmeth.4463},
	note = {3716 citations (Crossref/DOI) [2024-11-23]
Publisher: Nature Publishing Group},
	langid = {en}
}

@article{kuchina2021,
	title = {Microbial single-cell RNA sequencing by split-pool barcoding},
	author = {Kuchina, Anna and Brettner, Leandra M. and Paleologu, Luana and Roco, Charles M. and Rosenberg, Alexander B. and Carignano, Alberto and Kibler, Ryan and Hirano, Matthew and DePaolo, R. William and Seelig, Georg},
	year = {2021},
	month = {02},
	date = {2021-02-19},
	journal = {Science},
	pages = {eaba5257},
	volume = {371},
	number = {6531},
	doi = {10.1126/science.aba5257},
	url = {https://www.science.org/doi/10.1126/science.aba5257},
	note = {182 citations (Crossref/DOI) [2025-01-17]
TLDR: Examining B. subtilis transcriptional patterns revealed that a small fraction of cells grown in laboratory medium express a myo-inositol catabolism pathway, thus highlighting how microSPLiT can identify rare cellular states.},
	langid = {en}
}

@article{gaisser2024,
	title = {High-throughput single-cell transcriptomics of bacteria using combinatorial barcoding},
	author = {Gaisser, Karl D. and Skloss, Sophie N. and Brettner, Leandra M. and Paleologu, Luana and Roco, Charles M. and Rosenberg, Alexander B. and Hirano, Matthew and DePaolo, R. William and Seelig, Georg and Kuchina, Anna},
	year = {2024},
	month = {10},
	date = {2024-10},
	journal = {Nature Protocols},
	pages = {3048--3084},
	volume = {19},
	number = {10},
	doi = {10.1038/s41596-024-01007-w},
	url = {https://www.nature.com/articles/s41596-024-01007-w},
	note = {1 citations (Crossref/DOI) [2025-01-17]
TLDR: The standard plate setup enables single-cell transcriptional profiling of up to 1 million bacterial cells and up to 96 samples in a single barcoding experiment, with the possibility of expansion by adding barcoding rounds.},
	langid = {en}
}

@article{morris2014,
	title = {Choosing and using diversity indices: insights for ecological applications from the German Biodiversity Exploratories},
	author = {Morris, E. Kathryn and Caruso, Tancredi and Buscot, {François} and Fischer, Markus and Hancock, Christine and Maier, Tanja S. and Meiners, Torsten and {Müller}, Caroline and Obermaier, Elisabeth and Prati, Daniel and Socher, Stephanie A. and Sonnemann, Ilja and {Wäschke}, Nicole and Wubet, Tesfaye and Wurst, Susanne and Rillig, Matthias C.},
	year = {2014},
	month = {09},
	date = {2014-09},
	journal = {Ecology and Evolution},
	pages = {3514--3524},
	volume = {4},
	number = {18},
	doi = {10.1002/ece3.1155},
	note = {711 citations (Crossref/DOI) [2025-02-20]
PMID: 25478144
PMCID: PMC4224527
TLDR: This work used path analysis to determine whether compound indices detected more relationships between diversities of different organisms and traits than more basic indices, and demonstrated that while common diversity indices may appear interchangeable in simple analyses, when considering complex interactions, the choice of index can profoundly alter the interpretation of results.},
	langid = {eng}
}

@article{morris2012,
	title = {The Black Queen Hypothesis: evolution of dependencies through adaptive gene loss},
	author = {Morris, J. Jeffrey and Lenski, Richard E. and Zinser, Erik R.},
	year = {2012},
	date = {2012},
	journal = {mBio},
	pages = {e00036--12},
	volume = {3},
	number = {2},
	doi = {10.1128/mBio.00036-12},
	note = {897 citations (Crossref/DOI) [2025-02-20]
PMID: 22448042
PMCID: PMC3315703},
	langid = {canadian}
}

@article{estrela2016,
	title = {Transitions in individuality through symbiosis},
	author = {Estrela, Sylvie and Kerr, Benjamin and Morris, J Jeffrey},
	year = {2016},
	month = {06},
	date = {2016-06-01},
	journal = {Current Opinion in Microbiology},
	pages = {191--198},
	series = {Environmental microbiology * Special Section: Megaviromes},
	volume = {31},
	doi = {10.1016/j.mib.2016.04.007},
	url = {https://www.sciencedirect.com/science/article/pii/S136952741630042X},
	note = {47 citations (Crossref/DOI) [2025-02-20]
TLDR: Work on the evolution of mutualistic symbioses in the context of transitions in individuality is reviewed and how a better mechanistic understanding of the ecological drivers of host-symbiont interdependencies can help elucidate the evolutionary path to symbiotic organismality is highlighted.},
	langid = {canadian}
}


@article{rossello,
	title = {BarQC: Quality Control and Preprocessing for SPLiT-Seq Data},
	author = {Rossello, Maria and Tandonnet, Sophie and Almudi, Isabel},
	doi = {10.1101/2025.02.04.635005},
	langid = {en}
}

@article{ostner,
	title = {BacSC: A general workflow for bacterial single-cell RNA sequencing data analysis},
	author = {Ostner, Johannes and Kirk, Tim and Olayo-Alarcon, Roberto and {Thöming}, Janne Gesine and Rosenthal, Adam Z. and {Häussler}, Susanne and {Müller}, Christian L.},
	doi = {10.1101/2024.06.22.600071},
	langid = {en}
}

@article{chen2018,
	title = {fastp: an ultra-fast all-in-one FASTQ preprocessor},
	author = {Chen, Shifu and Zhou, Yanqing and Chen, Yaru and Gu, Jia},
	year = {2018},
	month = {09},
	date = {2018-09-01},
	journal = {Bioinformatics},
	pages = {i884--i890},
	volume = {34},
	number = {17},
	doi = {10.1093/bioinformatics/bty560},
	url = {https://doi.org/10.1093/bioinformatics/bty560},
	note = {17307 citations (Crossref/DOI) [2025-04-29]}
}

@article{martin2011,
	title = {Cutadapt removes adapter sequences from high-throughput sequencing reads},
	author = {Martin, Marcel},
	year = {2011},
	month = {05},
	date = {2011-05-02},
	journal = {EMBnet.journal},
	pages = {10--12},
	volume = {17},
	number = {1},
	doi = {10.14806/ej.17.1.200},
	url = {https://journal.embnet.org/index.php/embnetjournal/article/view/200},
	note = {24493 citations (Crossref/DOI) [2025-06-02]
Number: 1
TLDR: The command-line tool cutadapt is developed, which supports 454, Illumina and SOLiD (color space) data, offers two adapter trimming algorithms, and has other useful features.},
	langid = {en}
}

@article{ewels2016,
	title = {MultiQC: summarize analysis results for multiple tools and samples in a single report},
	author = {Ewels, Philip and Magnusson, {Måns} and Lundin, Sverker and {Käller}, Max},
	year = {2016},
	month = {10},
	date = {2016-10-01},
	journal = {Bioinformatics (Oxford, England)},
	pages = {3047--3048},
	volume = {32},
	number = {19},
	doi = {10.1093/bioinformatics/btw354},
	note = {6765 citations (Crossref/DOI) [2025-06-02]
PMID: 27312411
PMCID: PMC5039924
TLDR: This work presents MultiQC, a tool to create a single report visualising output from multiple tools across many samples, enabling global trends and biases to be quickly identified.},
	langid = {eng}
}

@article{kaminow,
	title = {STARsolo: accurate, fast and versatile mapping/quantification of single-cell and single-nucleus RNA-seq data},
	author = {Kaminow, Benjamin and Yunusov, Dinar and Dobin, Alexander},
	doi = {10.1101/2021.05.05.442755},
	langid = {en}
}

@article{dobin2013,
	title = {STAR: ultrafast universal RNA-seq aligner},
	author = {Dobin, Alexander and Davis, Carrie A. and Schlesinger, Felix and Drenkow, Jorg and Zaleski, Chris and Jha, Sonali and Batut, Philippe and Chaisson, Mark and Gingeras, Thomas R.},
	year = {2013},
	month = {01},
	date = {2013-01-01},
	journal = {Bioinformatics (Oxford, England)},
	pages = {15--21},
	volume = {29},
	number = {1},
	doi = {10.1093/bioinformatics/bts635},
	note = {41608 citations (Crossref/DOI) [2025-06-02]
PMID: 23104886
PMCID: PMC3530905
TLDR: The Spliced Transcripts Alignment to a Reference (STAR) software based on a previously undescribed RNA-seq alignment algorithm that uses sequential maximum mappable seed search in uncompressed suffix arrays followed by seed clustering and stitching procedure outperforms other aligners by a factor of >50 in mapping speed.},
	langid = {eng}
}

@article{kuijpers2024,
	title = {Split Pool Ligation-based Single-cell Transcriptome sequencing (SPLiT-seq) data processing pipeline comparison},
	author = {Kuijpers, Lucas and Hornung, Bastian and van den Hout - van Vroonhoven, Mirjam C. G. N. and van IJcken, Wilfred F. J. and Grosveld, Frank and Mulugeta, Eskeatnaf},
	year = {2024},
	month = {04},
	date = {2024-04-12},
	journal = {BMC Genomics},
	pages = {361},
	volume = {25},
	number = {1},
	doi = {10.1186/s12864-024-10285-3},
	url = {https://doi.org/10.1186/s12864-024-10285-3},
	note = {0 citations (Crossref/DOI) [2025-02-10]
TLDR: A comprehensive comparative analysis aids users in selecting the most suitable analysis tool for efficient SPLiT-seq data processing, while also detailing the specific prerequisites for each of these pipelines.},
	langid = {canadian}
}

@article{bray2016,
	title = {Near-optimal probabilistic RNA-seq quantification},
	author = {Bray, Nicolas L. and Pimentel, Harold and Melsted, {Páll} and Pachter, Lior},
	year = {2016},
	month = {05},
	date = {2016-05},
	journal = {Nature Biotechnology},
	pages = {525--527},
	volume = {34},
	number = {5},
	doi = {10.1038/nbt.3519},
	url = {https://www.nature.com/articles/nbt.3519},
	note = {8329 citations (Crossref/DOI) [2025-06-02]
Publisher: Nature Publishing Group},
	langid = {en}
}

@article{sullivan2025,
	title = {kallisto, bustools and kb-python for quantifying bulk, single-cell and single-nucleus RNA-seq},
	author = {Sullivan, Delaney K. and Min, {Kyung Hoi (Joseph)} and {Hjörleifsson}, {Kristján Eldjárn} and Luebbert, Laura and Holley, Guillaume and Moses, Lambda and Gustafsson, Johan and Bray, Nicolas L. and Pimentel, Harold and Booeshaghi, A. Sina and Melsted, {Páll} and Pachter, Lior},
	year = {2025},
	month = {03},
	date = {2025-03},
	journal = {Nature Protocols},
	pages = {587--607},
	volume = {20},
	number = {3},
	doi = {10.1038/s41596-024-01057-0},
	url = {https://www.nature.com/articles/s41596-024-01057-0},
	note = {9 citations (Crossref/DOI) [2025-06-02]
Publisher: Nature Publishing Group},
	langid = {en}
}

@article{rosselloa,
	title = {BarQC: Quality Control and Preprocessing for SPLiT-Seq Data},
	author = {Rossello, Maria and Tandonnet, Sophie and Almudi, Isabel},
	doi = {10.1101/2025.02.04.635005},
	langid = {en}
}

@article{martí2019,
	title = {Recentrifuge: Robust comparative analysis and contamination removal for metagenomics},
	author = {{Martí}, Jose Manuel},
	year = {2019},
	month = {04},
	date = {2019-04-08},
	journal = {PLoS Computational Biology},
	pages = {e1006967},
	volume = {15},
	number = {4},
	doi = {10.1371/journal.pcbi.1006967},
	url = {https://www.ncbi.nlm.nih.gov/pmc/articles/PMC6472834/},
	note = {PMID: 30958827
PMCID: PMC6472834
TLDR: Recentrifuge implements a robust method for the removal of negative-control and crossover taxa from the rest of samples and provides shared and exclusive taxa per sample, thus enabling robust contamination removal and comparative analysis in environmental and clinical metagenomics.}
}

@article{kim2016,
	title = {Centrifuge: rapid and sensitive classification of metagenomic sequences},
	author = {Kim, Daehwan and Song, Li and Breitwieser, Florian P. and Salzberg, Steven L.},
	year = {2016},
	month = {12},
	date = {2016-12},
	journal = {Genome Research},
	pages = {1721--1729},
	volume = {26},
	number = {12},
	doi = {10.1101/gr.210641.116},
	url = {https://www.ncbi.nlm.nih.gov/pmc/articles/PMC5131823/},
	note = {1174 citations (Crossref/DOI) [2025-05-30]
PMID: 27852649
PMCID: PMC5131823}
}
